@book{koza92,
		author    = "Koza, John R.",
		title     = "Genetic Programming: On the Programming of Computers by Means of Natural Selection",
		publisher = "MIT Press",
		year      = "1992"
}


@misc{ github:alberto-viewer,
       author = "Alberto Vivar",
       title = "3D Viewe",
       year = "2016-2017",
       url = "https://github.com/Alberto-Vivar/3D-Viewer",
       note = ""
}

@misc{ wiki:heroku,
	author = "Wikipedia",
	title = "Heroku -- Wikipedia, la enciclopedia libre",
	year = "",
	url = "https://es.wikipedia.org/wiki/Heroku",
	note = ""
}

@misc{ moodle:curl-rest,
	author = "Moodle",
	title = "Creating a web service client",
	year = "",
	url = "https://docs.moodle.org/dev/Creating_a_web_service_client",
	note = ""
}

@book{schwaber2002agile,
	title={Agile software development with Scrum},
	author={Schwaber, Ken and Beedle, Mike},
	volume={1},
	year={2002},
	publisher={Prentice Hall Upper Saddle River}
}