@article{bortolot2005,
  title={Estimating forest biomass using small footprint LiDAR data: An individual tree-based approach that incorporates training data},
  author={Bortolot, Zachary J and Wynne, Randolph H},
  journal={ISPRS Journal of Photogrammetry and Remote Sensing},
  volume={59},
  number={6},
  pages={342--360},
  year={2005},
  publisher={Elsevier}
}


@misc{wiki:xampp,
	author = "Wikipedia",
	title = "XAMPP -- Wikipedia, la enciclopedia libre",
	year = "",
	url = "https://es.wikipedia.org/wiki/XAMPP",
	note = ""
}

@misc{wiki:mysql,
	author = "Wikipedia",
	title = "MySql -- Wikipedia, la enciclopedia libre",
	year = "",
	url = "https://es.wikipedia.org/wiki/MySQL",
	note = ""
}

@misc{wiki:http,
	author = "Wikipedia",
	title = "Protocolo de transferencia de hipertexto -- Wikipedia, la enciclopedia libre",
	year = "",
	url = "https://es.wikipedia.org/wiki/Protocolo_de_transferencia_de_hipertexto",
	note = ""
}

@misc{json:jsnomate,
	author = "",
	title = "JSON Mate",
	year = "",
	url = "http://jsonmate.com/",
	note = ""
}

@misc{wiki:wsgi,
	author = "Wikipedia",
	title = "Web Server Gateway Interface -- Wikipedia, la enciclopedia libre",
	year = "",
	url = "https://en.wikipedia.org/wiki/Web_Server_Gateway_Interface",
	note = ""
}

@misc{wiki:texstudio,
	author = "Wikipedia",
	title = "TeXstudio -- Wikipedia, la enciclopedia libre",
	year = "",
	url = "https://es.wikipedia.org/wiki/TeXstudio",
	note = ""
}

@misc{wiki:moodle,
	author = "Wikipedia",
	title = "Moodle -- Wikipedia, la enciclopedia libre",
	year = "",
	url = "https://es.wikipedia.org/wiki/Moodle",
	note = ""
}

@misc{wiki:putty,
	author = "Wikipedia",
	title = "PuTTY -- Wikipedia, la enciclopedia libre",
	year = "",
	url = "https://es.wikipedia.org/wiki/PuTTY",
	note = ""
}